<record><leader>00000cas a22000007a 4500</leader><controlfield tag="001">19569697</controlfield><controlfield tag="008">890419d19491984njuwr ne      0    0eng d</controlfield><datafield ind1=" " ind2=" " tag="010"><subfield code="a">sn 88071303 </subfield></datafield><datafield ind1=" " ind2=" " tag="040"><subfield code="a">NJW</subfield><subfield code="b">eng</subfield><subfield code="c">NJW</subfield><subfield code="d">OCLCQ</subfield></datafield><datafield ind1=" " ind2=" " tag="042"><subfield code="a">msc</subfield></datafield><datafield ind1="0" ind2="0" tag="245"><subfield code="a">Jersey City news and Greenville news.</subfield></datafield><datafield ind1=" " ind2=" " tag="260"><subfield code="a">Jersey City, N.J. :</subfield><subfield code="b">Mrs. Alice B. Hamilton,</subfield><subfield code="c">-1984.</subfield></datafield><datafield ind1=" " ind2=" " tag="310"><subfield code="a">Weekly</subfield></datafield><datafield ind1="0" ind2=" " tag="362"><subfield code="a">Vol. 14, no. 34 (Dec. 15, 1949)-v. 50, no. 2 (Jan. 12, 1984).</subfield></datafield><datafield ind1=" " ind2=" " tag="752"><subfield code="a">United States</subfield><subfield code="b">New Jersey</subfield><subfield code="c">Hudson</subfield><subfield code="d">Jersey City.</subfield></datafield><datafield ind1=" " ind2=" " tag="752"><subfield code="a">United States</subfield><subfield code="b">New Jersey</subfield><subfield code="c">Hudson</subfield><subfield code="d">Greenville.</subfield></datafield><datafield ind1="0" ind2="0" tag="780"><subfield code="t">Jersey City and Greenville news</subfield><subfield code="w">(DLC)sn 93060939</subfield><subfield code="w">(OCoLC)28311267</subfield></datafield></record>